<?xml version="1.0" encoding="UTF-8"?><record xmlns="http://www.loc.gov/MARC21/slim" xmlns:cinclude="http://apache.org/cocoon/include/1.0" xmlns:zs="http://www.loc.gov/zing/srw/">
  <leader>00388nz  a2200121n  4500</leader>
  <controlfield tag="001">n 2006090980</controlfield>
  <controlfield tag="003">DLC</controlfield>
  <controlfield tag="005">20061201082648.0</controlfield>
  <controlfield tag="008">061130n| acannaabn          |n aaa      </controlfield>
  <datafield tag="010" ind1=" " ind2=" ">
    <subfield code="a">n 2006090980</subfield>
  </datafield>
  <datafield tag="040" ind1=" " ind2=" ">
    <subfield code="a">DLC</subfield>
    <subfield code="b">eng</subfield>
    <subfield code="c">DLC</subfield>
  </datafield>
  <datafield tag="100" ind1="1" ind2=" ">
    <subfield code="a">CruĚwell, Ulrich,</subfield>
    <subfield code="d">1973-</subfield>
  </datafield>
  <datafield tag="670" ind1=" " ind2=" ">
    <subfield code="a">Das Spiel, 2006:</subfield>
    <subfield code="b">t.p. (Ulrich CruĚwell) p. 206 (b. 1973, Diplom in Medienwissenschaften; prepared exhibition Das Spiel)</subfield>
  </datafield>
</record>